@MISC{BFT,
	HOWPUBLISHED = "\url{https://medium.com/loom-network/understanding-blockchain-fundamentals-part-1-byzantine-fault-tolerance-245f46fe8419}",
	AUTHOR = "G. Konstantopoulos",
	TITLE = "Understanding Blockchain Fundamentals, Part 1: Byzantine Fault Tolerance",
	MONTH = "12",
	YEAR = "2017",
	NOTE = "Accessed on 2012-11-11"
}

@MISC{sybil,
	HOWPUBLISHED = "\url{https://medium.com/coinmonks/sybil-attack-and-byzantine-generals-problem-2b2366b7146b}",
	AUTHOR = "Ameya",
	TITLE = "Sybil Attack and Byzantine Generals Problem",
	MONTH = "07",
	YEAR = "2018"
}


@MISC{bc24,
	HOWPUBLISHED = "\url{https://www.blockchain.com/pools?timespan=24hours}",
	AUTHOR = "Blockchain.com",
	TITLE = "Hashrate Distribution",
	NOTE = "Accessed on 2018-10-31"
}

@MISC{poolcent,
	HOWPUBLISHED = "\url{https://www.buybitcoinworldwide.com/mining/pools}",
	AUTHOR = "J. Tuwiner",
	TITLE = "Bitcoin Mining Pools",
	MONTH = "01",
	YEAR = "2019"
}

@MISC{PoSr,
	HOWPUBLISHED = "\url{https://cointelegraph.com/news/the-inevitable-failure-of-proof-of-stake-blockchains-and-why-a-new-algorithm-is-needed}",
	AUTHOR = "C. Lacina",
	TITLE = "{The Inevitable Failure of Proof-of-Stake Blockchains and Why a New Algorithm is Needed (Op-Ed)}",
	MONTH = "05",
	YEAR = "2015"
}

@MISC{schnorr,
	HOWPUBLISHED = "\url{https://pdfs.semanticscholar.org/a4da/14a4329d7bf28e2ecbf9a3e42bf1faba523e.pdf?_ga=2.193608301.1119480105.1549621665-1692475185.1549621665}",
	AUTHOR = "G. Maxwell et al.",
	TITLE = "Simple Schnorr Multi-Signatures with Applications to Bitcoin",
	MONTH = "02",
	YEAR = "2019"
}

@ARTICLE{agarwal,
    AUTHOR="D. Aggarwal et al.",
    TITLE="Quantum attacks on Bitcoin, and how to protect against them. Quantum Physics",
    JOURNAL="arXiv:1710.10377",
    MONTH="10",
    YEAR="2017",
}

@ARTICLE{hasting,
    AUTHOR="C. Sherlock et al.",
    TITLE="Efficiency of delayed-acceptance random walk Metropolis algorithms",
    JOURNAL="arXiv:1506.08155v1",
    MONTH="06",
    YEAR="2015",
}

@ARTICLE{pollard,
    AUTHOR="A. Koundinya et al.",
    TITLE="Performance Analysis of Parallel Pollard's Rho Factoring Algorithm",
    JOURNAL="arXiv:1305.4365",
    MONTH="05",
    YEAR="2013",
}

@misc{musig,
    author = {G. Maxwell et al.},
    title = {Simple Schnorr Multi-Signatures with Applications to Bitcoin},
    howpublished = {Cryptology ePrint Archive, Report 2018/068},
    year = {2018},
    note = {\url{https://eprint.iacr.org/2018/068}},
}


@MISC{confidential,
	HOWPUBLISHED = "\url{https://people.xiph.org/~greg/confidential_values.txt}",
	AUTHOR = "G. Maxwell",
	TITLE = "Confidential Transactions",
	YEAR = "2015"
}

@MISC{bulletproof,
	HOWPUBLISHED = "\url{https://eprint.iacr.org/2017/1066.pdf}",
	AUTHOR = "B. Bunz et al.",
	TITLE = "Bulletproofs:  Short Proofs for Confidential Transactions and More",
	YEAR = "2019"
}

@MISC{monero,
	HOWPUBLISHED = "\url{https://github.com/monero-project/monero/tree/bc208be63d880871f4f1d6b51a7b35abd5e9b8f0}",
	AUTHOR = "Monero Project",
	TITLE = "Monero: the secure, private, untraceable cryptocurrency",
	YEAR = "2014"
}

@MISC{NSA,
	HOWPUBLISHED = "\url{https://cr.yp.to/newelliptic/nistecc-20160106.pdf}",
	AUTHOR = "D. J. Bernstein and T. Lange",
	TITLE = "Failures in NIST's ECC standards",
	MONTH = "01",
	YEAR = "2016"
}

@MISC{ed25519,
	HOWPUBLISHED = "\url{https://ed25519.cr.yp.to/}",
	AUTHOR = "D. J. Bernstein",
	TITLE = "Ed25519: high-speed high-security signatures",
	YEAR = "2017"
}

@MISC{blake,
	HOWPUBLISHED = "\url{https://coinguides.org/blake2b/}",
	AUTHOR = "coinguides",
	TITLE = "Blake2b Algorithm â€“ List of Blake (2b) coins, miners and its hashrate",
	YEAR = "2017"
}

@MISC{electric,
	HOWPUBLISHED = "\url{https://digiconomist.net/ethereum-energy-consumption}",
	AUTHOR = "digiconomist",
	TITLE = "Ethereum Energy Consumption Index (beta)",
	YEAR = "2019"
}

@MISC{swis,
	HOWPUBLISHED = "\url{swisspaymentmonitor.ch}",
	AUTHOR = "B. Gehring",
	TITLE = "Swiss Payment Monitor 2018, p18",
	YEAR = "2018"
}


@MISC{EthTxpD,
	HOWPUBLISHED = "\url{https://etherscan.io/chart}",
	AUTHOR = "Etherscan",
	TITLE = "Ethereum Transaction Chart",
	MONTH = "05",
	YEAR = "2019"
}

@MISC{BitTxpD,
	HOWPUBLISHED = "\url{https://www.blockchain.com/en/charts}",
	AUTHOR = "Blockchain",
	TITLE = "Blockchain Charts",
	MONTH = "05",
	YEAR = "2019"
}

@MISC{kearney,
	HOWPUBLISHED = "\url{unknown}",
	AUTHOR = "J. J. Kearney and C. A. Perez-Delgado",
	TITLE = "Blockchain Technologies Vulnerability to Quantum Attacks",
	YEAR = "2019"
}

@MISC{nakamoto,
	HOWPUBLISHED = "\url{https://bitcoin.org/bitcoin.pdf}",
	AUTHOR = "Satoshi Nakamoto",
	TITLE = "Bitcoin: A Peer-to-Peer Electronic Cash System",
	MONTH = "10",
	YEAR = "2008"
}

@MISC{govuk,
	HOWPUBLISHED = "\url{https://assets.publishing.service.gov.uk/government/uploads/system/uploads/attachment_data/file/492972/gs-16-1-distributed-ledger-technology.pdf}",
	AUTHOR = "UK Government Chief Scientific Adviser",
	TITLE = "Distributed Ledger Techonology: beyond block chain",
	YEAR = "2016"
}

@MISC{obst,
	HOWPUBLISHED = "\url{https://www.cmswire.com/information-management/10-obstacles-to-enterprise-blockchain-adoption/}",
	AUTHOR = "D. Roe",
	TITLE = "10 Obstacles To Enterprise Blockchain Adoption",
	MONTH = "06",
	YEAR = "2018"
}


@MISC{ipfs,
	HOWPUBLISHED = "\url{https://ipfs.io/}",
	AUTHOR = "IPFS",
}

@Inbook{Hankerson2011,
author="D. Hankerson and A. Menezes",
editor="H. C. A. van Tilborg and S. Jajodia",
title="NIST Elliptic Curves",
bookTitle="Encyclopedia of Cryptography and Security",
year="2011",
publisher="Springer US",
address="Boston, MA",
pages="843--844",
isbn="978-1-4419-5906-5",
doi="10.1007/978-1-4419-5906-5_255",
url="https://doi.org/10.1007/978-1-4419-5906-5_255"
}


